<?xml version="1.0" encoding="UTF-8"?><collection xmlns="http://www.loc.gov/MARC21/slim"><record><leader>00376nam--2200133-i-4500</leader><controlfield tag="001">000008814</controlfield><controlfield tag="002">20161230</controlfield><controlfield tag="005">20161230201027</controlfield><controlfield tag="008">060222s1000------------r-----000-0-eng-d</controlfield><datafield ind1=" " ind2=" " tag="100"><subfield code="a">Banford, A.P. And Telling, F.M</subfield></datafield><datafield ind1=" " ind2=" " tag="245"><subfield code="a">The work of the rutherford laboratory in:1968</subfield></datafield><datafield ind1=" " ind2=" " tag="260"><subfield code="a">Chilton, Rutherford Laboratory, 1968. 145 P. + 1 Pl</subfield></datafield><datafield ind1=" " ind2=" " tag="490"><subfield code="a">180</subfield></datafield><datafield ind1=" " ind2=" " tag="852"><subfield code="a">061.6:001.818</subfield></datafield></record></collection>